%YAML 1.1
%TAG !u! tag:unity3d.com,2011:
--- !u!1 &5394576007417461358
GameObject:
  m_ObjectHideFlags: 0
  m_CorrespondingSourceObject: {fileID: 0}
  m_PrefabInstance: {fileID: 0}
  m_PrefabAsset: {fileID: 0}
  serializedVersion: 6
  m_Component:
  - component: {fileID: 5394576007417461361}
  - component: {fileID: 5394576007417461360}
  - component: {fileID: 5394576007417461359}
  m_Layer: 0
  m_Name: EventSystem
  m_TagString: Untagged
  m_Icon: {fileID: 0}
  m_NavMeshLayer: 0
  m_StaticEditorFlags: 0
  m_IsActive: 1
--- !u!4 &5394576007417461361
Transform:
  m_ObjectHideFlags: 0
  m_CorrespondingSourceObject: {fileID: 0}
  m_PrefabInstance: {fileID: 0}
  m_PrefabAsset: {fileID: 0}
  m_GameObject: {fileID: 5394576007417461358}
  m_LocalRotation: {x: -0, y: -0, z: -0, w: 1}
  m_LocalPosition: {x: -1232, y: -693, z: 0}
  m_LocalScale: {x: 1, y: 1, z: 1}
  m_Children: []
  m_Father: {fileID: 7461938518771264269}
  m_RootOrder: 4
  m_LocalEulerAnglesHint: {x: 0, y: 0, z: 0}
--- !u!114 &5394576007417461360
MonoBehaviour:
  m_ObjectHideFlags: 0
  m_CorrespondingSourceObject: {fileID: 0}
  m_PrefabInstance: {fileID: 0}
  m_PrefabAsset: {fileID: 0}
  m_GameObject: {fileID: 5394576007417461358}
  m_Enabled: 1
  m_EditorHideFlags: 0
  m_Script: {fileID: 11500000, guid: 76c392e42b5098c458856cdf6ecaaaa1, type: 3}
  m_Name: 
  m_EditorClassIdentifier: 
  m_FirstSelected: {fileID: 0}
  m_sendNavigationEvents: 1
  m_DragThreshold: 10
--- !u!114 &5394576007417461359
MonoBehaviour:
  m_ObjectHideFlags: 0
  m_CorrespondingSourceObject: {fileID: 0}
  m_PrefabInstance: {fileID: 0}
  m_PrefabAsset: {fileID: 0}
  m_GameObject: {fileID: 5394576007417461358}
  m_Enabled: 1
  m_EditorHideFlags: 0
  m_Script: {fileID: 11500000, guid: 4f231c4fb786f3946a6b90b886c48677, type: 3}
  m_Name: 
  m_EditorClassIdentifier: 
  m_HorizontalAxis: Horizontal
  m_VerticalAxis: Vertical
  m_SubmitButton: Submit
  m_CancelButton: Cancel
  m_InputActionsPerSecond: 10
  m_RepeatDelay: 0.5
  m_ForceModuleActive: 0
--- !u!1 &5394576008598444011
GameObject:
  m_ObjectHideFlags: 0
  m_CorrespondingSourceObject: {fileID: 0}
  m_PrefabInstance: {fileID: 0}
  m_PrefabAsset: {fileID: 0}
  serializedVersion: 6
  m_Component:
  - component: {fileID: 5394576008598444013}
  - component: {fileID: 5394576008598444012}
  m_Layer: 0
  m_Name: Directional Light
  m_TagString: Untagged
  m_Icon: {fileID: 0}
  m_NavMeshLayer: 0
  m_StaticEditorFlags: 0
  m_IsActive: 1
--- !u!4 &5394576008598444013
Transform:
  m_ObjectHideFlags: 0
  m_CorrespondingSourceObject: {fileID: 0}
  m_PrefabInstance: {fileID: 0}
  m_PrefabAsset: {fileID: 0}
  m_GameObject: {fileID: 5394576008598444011}
  m_LocalRotation: {x: 0.40821788, y: -0.23456968, z: 0.10938163, w: 0.8754261}
  m_LocalPosition: {x: -1232, y: -690, z: 0}
  m_LocalScale: {x: 1, y: 1, z: 1}
  m_Children: []
  m_Father: {fileID: 7461938518771264269}
  m_RootOrder: 1
  m_LocalEulerAnglesHint: {x: 50, y: -30, z: 0}
--- !u!108 &5394576008598444012
Light:
  m_ObjectHideFlags: 0
  m_CorrespondingSourceObject: {fileID: 0}
  m_PrefabInstance: {fileID: 0}
  m_PrefabAsset: {fileID: 0}
  m_GameObject: {fileID: 5394576008598444011}
  m_Enabled: 1
  serializedVersion: 9
  m_Type: 1
  m_Color: {r: 1, g: 0.95686275, b: 0.8392157, a: 1}
  m_Intensity: 1
  m_Range: 10
  m_SpotAngle: 30
  m_InnerSpotAngle: 21.80208
  m_CookieSize: 10
  m_Shadows:
    m_Type: 2
    m_Resolution: -1
    m_CustomResolution: -1
    m_Strength: 1
    m_Bias: 0.05
    m_NormalBias: 0.4
    m_NearPlane: 0.2
    m_CullingMatrixOverride:
      e00: 1
      e01: 0
      e02: 0
      e03: 0
      e10: 0
      e11: 1
      e12: 0
      e13: 0
      e20: 0
      e21: 0
      e22: 1
      e23: 0
      e30: 0
      e31: 0
      e32: 0
      e33: 1
    m_UseCullingMatrixOverride: 0
  m_Cookie: {fileID: 0}
  m_DrawHalo: 0
  m_Flare: {fileID: 0}
  m_RenderMode: 0
  m_CullingMask:
    serializedVersion: 2
    m_Bits: 4294967295
  m_RenderingLayerMask: 1
  m_Lightmapping: 4
  m_LightShadowCasterMode: 0
  m_AreaSize: {x: 1, y: 1}
  m_BounceIntensity: 1
  m_ColorTemperature: 6570
  m_UseColorTemperature: 0
  m_BoundingSphereOverride: {x: 0, y: 0, z: 0, w: 0}
  m_UseBoundingSphereOverride: 0
  m_ShadowRadius: 0
  m_ShadowAngle: 0
--- !u!1 &5394576008928383851
GameObject:
  m_ObjectHideFlags: 0
  m_CorrespondingSourceObject: {fileID: 0}
  m_PrefabInstance: {fileID: 0}
  m_PrefabAsset: {fileID: 0}
  serializedVersion: 6
  m_Component:
  - component: {fileID: 5394576008928383854}
  - component: {fileID: 5394576008928383853}
  - component: {fileID: 5394576008928383852}
  m_Layer: 0
  m_Name: Main Camera
  m_TagString: MainCamera
  m_Icon: {fileID: 0}
  m_NavMeshLayer: 0
  m_StaticEditorFlags: 0
  m_IsActive: 1
--- !u!4 &5394576008928383854
Transform:
  m_ObjectHideFlags: 0
  m_CorrespondingSourceObject: {fileID: 0}
  m_PrefabInstance: {fileID: 0}
  m_PrefabAsset: {fileID: 0}
  m_GameObject: {fileID: 5394576008928383851}
  m_LocalRotation: {x: -0, y: -0, z: -0, w: 1}
  m_LocalPosition: {x: -1232, y: -692, z: -10}
  m_LocalScale: {x: 1, y: 1, z: 1}
  m_Children: []
  m_Father: {fileID: 7461938518771264269}
  m_RootOrder: 0
  m_LocalEulerAnglesHint: {x: 0, y: 0, z: 0}
--- !u!20 &5394576008928383853
Camera:
  m_ObjectHideFlags: 0
  m_CorrespondingSourceObject: {fileID: 0}
  m_PrefabInstance: {fileID: 0}
  m_PrefabAsset: {fileID: 0}
  m_GameObject: {fileID: 5394576008928383851}
  m_Enabled: 1
  serializedVersion: 2
  m_ClearFlags: 2
  m_BackGroundColor: {r: 0.15686275, g: 0.15294118, b: 0.15294118, a: 0}
  m_projectionMatrixMode: 1
  m_GateFitMode: 2
  m_FOVAxisMode: 0
  m_SensorSize: {x: 36, y: 24}
  m_LensShift: {x: 0, y: 0}
  m_FocalLength: 50
  m_NormalizedViewPortRect:
    serializedVersion: 2
    x: 0
    y: 0
    width: 1
    height: 1
  near clip plane: 0.3
  far clip plane: 1000
  field of view: 60
  orthographic: 0
  orthographic size: 5
  m_Depth: -1
  m_CullingMask:
    serializedVersion: 2
    m_Bits: 4294967295
  m_RenderingPath: -1
  m_TargetTexture: {fileID: 0}
  m_TargetDisplay: 0
  m_TargetEye: 3
  m_HDR: 1
  m_AllowMSAA: 1
  m_AllowDynamicResolution: 0
  m_ForceIntoRT: 0
  m_OcclusionCulling: 1
  m_StereoConvergence: 10
  m_StereoSeparation: 0.022
--- !u!81 &5394576008928383852
AudioListener:
  m_ObjectHideFlags: 0
  m_CorrespondingSourceObject: {fileID: 0}
  m_PrefabInstance: {fileID: 0}
  m_PrefabAsset: {fileID: 0}
  m_GameObject: {fileID: 5394576008928383851}
  m_Enabled: 1
--- !u!1 &6776721438187587054
GameObject:
  m_ObjectHideFlags: 0
  m_CorrespondingSourceObject: {fileID: 0}
  m_PrefabInstance: {fileID: 0}
  m_PrefabAsset: {fileID: 0}
  serializedVersion: 6
  m_Component:
  - component: {fileID: 7461938518771264269}
  m_Layer: 0
  m_Name: GameObject
  m_TagString: Untagged
  m_Icon: {fileID: 0}
  m_NavMeshLayer: 0
  m_StaticEditorFlags: 0
  m_IsActive: 1
--- !u!4 &7461938518771264269
Transform:
  m_ObjectHideFlags: 0
  m_CorrespondingSourceObject: {fileID: 0}
  m_PrefabInstance: {fileID: 0}
  m_PrefabAsset: {fileID: 0}
  m_GameObject: {fileID: 6776721438187587054}
  m_LocalRotation: {x: 0, y: 0, z: 0, w: 1}
  m_LocalPosition: {x: 1232, y: 693, z: 0}
  m_LocalScale: {x: 1, y: 1, z: 1}
  m_Children:
  - {fileID: 5394576008928383854}
  - {fileID: 5394576008598444013}
  - {fileID: 5394576008935361638}
  - {fileID: 5394576008035600106}
  - {fileID: 5394576007417461361}
  - {fileID: 158160755641879043}
  m_Father: {fileID: 0}
  m_RootOrder: 0
  m_LocalEulerAnglesHint: {x: 0, y: 0, z: 0}
--- !u!1001 &1060778147406190027
PrefabInstance:
  m_ObjectHideFlags: 0
  serializedVersion: 2
  m_Modification:
    m_TransformParent: {fileID: 7461938518771264269}
    m_Modifications:
    - target: {fileID: 4928563442912811437, guid: 2b10daa5a5de0b549b263445dc02ccab,
        type: 3}
      propertyPath: m_LocalPosition.x
      value: -1232
      objectReference: {fileID: 0}
    - target: {fileID: 4928563442912811437, guid: 2b10daa5a5de0b549b263445dc02ccab,
        type: 3}
      propertyPath: m_LocalPosition.y
      value: -693
      objectReference: {fileID: 0}
    - target: {fileID: 4928563442912811437, guid: 2b10daa5a5de0b549b263445dc02ccab,
        type: 3}
      propertyPath: m_LocalPosition.z
      value: 0
      objectReference: {fileID: 0}
    - target: {fileID: 4928563442912811437, guid: 2b10daa5a5de0b549b263445dc02ccab,
        type: 3}
      propertyPath: m_LocalRotation.x
      value: -0
      objectReference: {fileID: 0}
    - target: {fileID: 4928563442912811437, guid: 2b10daa5a5de0b549b263445dc02ccab,
        type: 3}
      propertyPath: m_LocalRotation.y
      value: -0
      objectReference: {fileID: 0}
    - target: {fileID: 4928563442912811437, guid: 2b10daa5a5de0b549b263445dc02ccab,
        type: 3}
      propertyPath: m_LocalRotation.z
      value: -0
      objectReference: {fileID: 0}
    - target: {fileID: 4928563442912811437, guid: 2b10daa5a5de0b549b263445dc02ccab,
        type: 3}
      propertyPath: m_LocalRotation.w
      value: 1
      objectReference: {fileID: 0}
    - target: {fileID: 4928563442912811437, guid: 2b10daa5a5de0b549b263445dc02ccab,
        type: 3}
      propertyPath: m_RootOrder
      value: 2
      objectReference: {fileID: 0}
    - target: {fileID: 4928563442912811437, guid: 2b10daa5a5de0b549b263445dc02ccab,
        type: 3}
      propertyPath: m_LocalEulerAnglesHint.x
      value: 0
      objectReference: {fileID: 0}
    - target: {fileID: 4928563442912811437, guid: 2b10daa5a5de0b549b263445dc02ccab,
        type: 3}
      propertyPath: m_LocalEulerAnglesHint.y
      value: 0
      objectReference: {fileID: 0}
    - target: {fileID: 4928563442912811437, guid: 2b10daa5a5de0b549b263445dc02ccab,
        type: 3}
      propertyPath: m_LocalEulerAnglesHint.z
      value: 0
      objectReference: {fileID: 0}
    - target: {fileID: 4928563442912811438, guid: 2b10daa5a5de0b549b263445dc02ccab,
        type: 3}
      propertyPath: nameText
      value: 
      objectReference: {fileID: 5394576008378817939}
    - target: {fileID: 4928563442912811438, guid: 2b10daa5a5de0b549b263445dc02ccab,
        type: 3}
      propertyPath: dialogueText
      value: 
      objectReference: {fileID: 5394576008359238921}
    - target: {fileID: 4928563442912811438, guid: 2b10daa5a5de0b549b263445dc02ccab,
        type: 3}
      propertyPath: animator
      value: 
      objectReference: {fileID: 5394576008020466119}
    - target: {fileID: 4928563442912811439, guid: 2b10daa5a5de0b549b263445dc02ccab,
        type: 3}
      propertyPath: m_Name
      value: DialogueManager
      objectReference: {fileID: 0}
    m_RemovedComponents: []
  m_SourcePrefab: {fileID: 100100000, guid: 2b10daa5a5de0b549b263445dc02ccab, type: 3}
--- !u!4 &5394576008935361638 stripped
Transform:
  m_CorrespondingSourceObject: {fileID: 4928563442912811437, guid: 2b10daa5a5de0b549b263445dc02ccab,
    type: 3}
  m_PrefabInstance: {fileID: 1060778147406190027}
  m_PrefabAsset: {fileID: 0}
--- !u!114 &5394576008935361637 stripped
MonoBehaviour:
  m_CorrespondingSourceObject: {fileID: 4928563442912811438, guid: 2b10daa5a5de0b549b263445dc02ccab,
    type: 3}
  m_PrefabInstance: {fileID: 1060778147406190027}
  m_PrefabAsset: {fileID: 0}
  m_GameObject: {fileID: 0}
  m_Enabled: 1
  m_EditorHideFlags: 0
  m_Script: {fileID: 11500000, guid: 25f9f9184b67a4c489e77cc6ca839612, type: 3}
  m_Name: 
  m_EditorClassIdentifier: 
--- !u!1001 &1355780158882993212
PrefabInstance:
  m_ObjectHideFlags: 0
  serializedVersion: 2
  m_Modification:
    m_TransformParent: {fileID: 7461938518771264269}
    m_Modifications:
    - target: {fileID: 6344956780810916566, guid: dae3b2a5e24610e45baf1ddad525b42e,
        type: 3}
      propertyPath: m_LocalPosition.x
      value: 0
      objectReference: {fileID: 0}
    - target: {fileID: 6344956780810916566, guid: dae3b2a5e24610e45baf1ddad525b42e,
        type: 3}
      propertyPath: m_LocalPosition.y
      value: 0
      objectReference: {fileID: 0}
    - target: {fileID: 6344956780810916566, guid: dae3b2a5e24610e45baf1ddad525b42e,
        type: 3}
      propertyPath: m_LocalPosition.z
      value: 0
      objectReference: {fileID: 0}
    - target: {fileID: 6344956780810916566, guid: dae3b2a5e24610e45baf1ddad525b42e,
        type: 3}
      propertyPath: m_LocalRotation.x
      value: 0
      objectReference: {fileID: 0}
    - target: {fileID: 6344956780810916566, guid: dae3b2a5e24610e45baf1ddad525b42e,
        type: 3}
      propertyPath: m_LocalRotation.y
      value: 0
      objectReference: {fileID: 0}
    - target: {fileID: 6344956780810916566, guid: dae3b2a5e24610e45baf1ddad525b42e,
        type: 3}
      propertyPath: m_LocalRotation.z
      value: 0
      objectReference: {fileID: 0}
    - target: {fileID: 6344956780810916566, guid: dae3b2a5e24610e45baf1ddad525b42e,
        type: 3}
      propertyPath: m_LocalRotation.w
      value: 1
      objectReference: {fileID: 0}
    - target: {fileID: 6344956780810916566, guid: dae3b2a5e24610e45baf1ddad525b42e,
        type: 3}
      propertyPath: m_RootOrder
      value: 3
      objectReference: {fileID: 0}
    - target: {fileID: 6344956780810916566, guid: dae3b2a5e24610e45baf1ddad525b42e,
        type: 3}
      propertyPath: m_LocalEulerAnglesHint.x
      value: 0
      objectReference: {fileID: 0}
    - target: {fileID: 6344956780810916566, guid: dae3b2a5e24610e45baf1ddad525b42e,
        type: 3}
      propertyPath: m_LocalEulerAnglesHint.y
      value: 0
      objectReference: {fileID: 0}
    - target: {fileID: 6344956780810916566, guid: dae3b2a5e24610e45baf1ddad525b42e,
        type: 3}
      propertyPath: m_LocalEulerAnglesHint.z
      value: 11.545
      objectReference: {fileID: 0}
    - target: {fileID: 6344956780810916566, guid: dae3b2a5e24610e45baf1ddad525b42e,
        type: 3}
      propertyPath: m_AnchoredPosition.x
      value: 0
      objectReference: {fileID: 0}
    - target: {fileID: 6344956780810916566, guid: dae3b2a5e24610e45baf1ddad525b42e,
        type: 3}
      propertyPath: m_AnchoredPosition.y
      value: 0
      objectReference: {fileID: 0}
    - target: {fileID: 6344956780810916566, guid: dae3b2a5e24610e45baf1ddad525b42e,
        type: 3}
      propertyPath: m_SizeDelta.x
      value: 0
      objectReference: {fileID: 0}
    - target: {fileID: 6344956780810916566, guid: dae3b2a5e24610e45baf1ddad525b42e,
        type: 3}
      propertyPath: m_SizeDelta.y
      value: 0
      objectReference: {fileID: 0}
    - target: {fileID: 6344956780810916566, guid: dae3b2a5e24610e45baf1ddad525b42e,
        type: 3}
      propertyPath: m_AnchorMin.x
      value: 0
      objectReference: {fileID: 0}
    - target: {fileID: 6344956780810916566, guid: dae3b2a5e24610e45baf1ddad525b42e,
        type: 3}
      propertyPath: m_AnchorMin.y
      value: 0
      objectReference: {fileID: 0}
    - target: {fileID: 6344956780810916566, guid: dae3b2a5e24610e45baf1ddad525b42e,
        type: 3}
      propertyPath: m_AnchorMax.x
      value: 0
      objectReference: {fileID: 0}
    - target: {fileID: 6344956780810916566, guid: dae3b2a5e24610e45baf1ddad525b42e,
        type: 3}
      propertyPath: m_AnchorMax.y
      value: 0
      objectReference: {fileID: 0}
    - target: {fileID: 6344956780810916566, guid: dae3b2a5e24610e45baf1ddad525b42e,
        type: 3}
      propertyPath: m_Pivot.x
      value: 0
      objectReference: {fileID: 0}
    - target: {fileID: 6344956780810916566, guid: dae3b2a5e24610e45baf1ddad525b42e,
        type: 3}
      propertyPath: m_Pivot.y
      value: 0
      objectReference: {fileID: 0}
    - target: {fileID: 6344956780810916569, guid: dae3b2a5e24610e45baf1ddad525b42e,
        type: 3}
      propertyPath: m_Name
      value: Canvas
      objectReference: {fileID: 0}
    - target: {fileID: 6344956781529588839, guid: dae3b2a5e24610e45baf1ddad525b42e,
        type: 3}
      propertyPath: m_OnClick.m_PersistentCalls.m_Calls.Array.data[0].m_Target
      value: 
      objectReference: {fileID: 5394576008935361637}
    m_RemovedComponents: []
  m_SourcePrefab: {fileID: 100100000, guid: dae3b2a5e24610e45baf1ddad525b42e, type: 3}
--- !u!224 &5394576008035600106 stripped
RectTransform:
  m_CorrespondingSourceObject: {fileID: 6344956780810916566, guid: dae3b2a5e24610e45baf1ddad525b42e,
    type: 3}
  m_PrefabInstance: {fileID: 1355780158882993212}
  m_PrefabAsset: {fileID: 0}
--- !u!95 &5394576008020466119 stripped
Animator:
  m_CorrespondingSourceObject: {fileID: 6344956780423532027, guid: dae3b2a5e24610e45baf1ddad525b42e,
    type: 3}
  m_PrefabInstance: {fileID: 1355780158882993212}
  m_PrefabAsset: {fileID: 0}
--- !u!114 &5394576008378817939 stripped
MonoBehaviour:
  m_CorrespondingSourceObject: {fileID: 6344956781138921903, guid: dae3b2a5e24610e45baf1ddad525b42e,
    type: 3}
  m_PrefabInstance: {fileID: 1355780158882993212}
  m_PrefabAsset: {fileID: 0}
  m_GameObject: {fileID: 0}
  m_Enabled: 1
  m_EditorHideFlags: 0
  m_Script: {fileID: 11500000, guid: 5f7201a12d95ffc409449d95f23cf332, type: 3}
  m_Name: 
  m_EditorClassIdentifier: 
--- !u!114 &5394576008359238921 stripped
MonoBehaviour:
  m_CorrespondingSourceObject: {fileID: 6344956781149980981, guid: dae3b2a5e24610e45baf1ddad525b42e,
    type: 3}
  m_PrefabInstance: {fileID: 1355780158882993212}
  m_PrefabAsset: {fileID: 0}
  m_GameObject: {fileID: 0}
  m_Enabled: 1
  m_EditorHideFlags: 0
  m_Script: {fileID: 11500000, guid: 5f7201a12d95ffc409449d95f23cf332, type: 3}
  m_Name: 
  m_EditorClassIdentifier: 
--- !u!1001 &5394576008568045897
PrefabInstance:
  m_ObjectHideFlags: 0
  serializedVersion: 2
  m_Modification:
    m_TransformParent: {fileID: 7461938518771264269}
    m_Modifications:
    - target: {fileID: 5254720081735846728, guid: 524ab32d106c5c0479f9a4c78a359296,
        type: 3}
      propertyPath: m_Name
      value: Video Player
      objectReference: {fileID: 0}
    - target: {fileID: 5254720081735846729, guid: 524ab32d106c5c0479f9a4c78a359296,
        type: 3}
      propertyPath: m_VideoClip
      value: 
      objectReference: {fileID: 32900000, guid: 5674db82b49c53d49a825ae52688ca27,
        type: 3}
    - target: {fileID: 5254720081735846729, guid: 524ab32d106c5c0479f9a4c78a359296,
        type: 3}
      propertyPath: m_TargetCamera
      value: 
      objectReference: {fileID: 5394576008928383853}
    - target: {fileID: 5254720081735846729, guid: 524ab32d106c5c0479f9a4c78a359296,
        type: 3}
      propertyPath: m_PlaybackSpeed
      value: 5
      objectReference: {fileID: 0}
    - target: {fileID: 5254720081735846729, guid: 524ab32d106c5c0479f9a4c78a359296,
        type: 3}
      propertyPath: m_WaitForFirstFrame
      value: 1
      objectReference: {fileID: 0}
    - target: {fileID: 5254720081735846730, guid: 524ab32d106c5c0479f9a4c78a359296,
        type: 3}
      propertyPath: m_LocalPosition.x
      value: -1232
      objectReference: {fileID: 0}
    - target: {fileID: 5254720081735846730, guid: 524ab32d106c5c0479f9a4c78a359296,
        type: 3}
      propertyPath: m_LocalPosition.y
      value: -693
      objectReference: {fileID: 0}
    - target: {fileID: 5254720081735846730, guid: 524ab32d106c5c0479f9a4c78a359296,
        type: 3}
      propertyPath: m_LocalPosition.z
      value: 0
      objectReference: {fileID: 0}
    - target: {fileID: 5254720081735846730, guid: 524ab32d106c5c0479f9a4c78a359296,
        type: 3}
      propertyPath: m_LocalRotation.x
      value: -0
      objectReference: {fileID: 0}
    - target: {fileID: 5254720081735846730, guid: 524ab32d106c5c0479f9a4c78a359296,
        type: 3}
      propertyPath: m_LocalRotation.y
      value: -0
      objectReference: {fileID: 0}
    - target: {fileID: 5254720081735846730, guid: 524ab32d106c5c0479f9a4c78a359296,
        type: 3}
      propertyPath: m_LocalRotation.z
      value: -0
      objectReference: {fileID: 0}
    - target: {fileID: 5254720081735846730, guid: 524ab32d106c5c0479f9a4c78a359296,
        type: 3}
      propertyPath: m_LocalRotation.w
      value: 1
      objectReference: {fileID: 0}
    - target: {fileID: 5254720081735846730, guid: 524ab32d106c5c0479f9a4c78a359296,
        type: 3}
      propertyPath: m_RootOrder
      value: 5
      objectReference: {fileID: 0}
    - target: {fileID: 5254720081735846730, guid: 524ab32d106c5c0479f9a4c78a359296,
        type: 3}
      propertyPath: m_LocalEulerAnglesHint.x
      value: 0
      objectReference: {fileID: 0}
    - target: {fileID: 5254720081735846730, guid: 524ab32d106c5c0479f9a4c78a359296,
        type: 3}
      propertyPath: m_LocalEulerAnglesHint.y
      value: 0
      objectReference: {fileID: 0}
    - target: {fileID: 5254720081735846730, guid: 524ab32d106c5c0479f9a4c78a359296,
        type: 3}
      propertyPath: m_LocalEulerAnglesHint.z
      value: 0
      objectReference: {fileID: 0}
    m_RemovedComponents: []
  m_SourcePrefab: {fileID: 100100000, guid: 524ab32d106c5c0479f9a4c78a359296, type: 3}
--- !u!4 &158160755641879043 stripped
Transform:
  m_CorrespondingSourceObject: {fileID: 5254720081735846730, guid: 524ab32d106c5c0479f9a4c78a359296,
    type: 3}
  m_PrefabInstance: {fileID: 5394576008568045897}
  m_PrefabAsset: {fileID: 0}
